@article{radford2019gpt2,
  title={Language models are unsupervised multitask learners},
  author={Radford, Alec and Wu, Jeffrey and Child, Rewon and Luan, David and Amodei, Dario and Sutskever, Ilya},
  journal={OpenAI Blog},
  volume={1},
  number={8},
  year={2019}
}
@article{radford2018improving,
  title={Improving language understanding by generative pre-training},
  author={Radford, Alec and Narasimhan, Karthik and Salimans, Tim and Sutskever, Ilya},
  year={2018}
}
@inproceedings{chen2017reading,
    title = "Reading {W}ikipedia to Answer Open-Domain Questions",
    author = "Chen, Danqi  and
      Fisch, Adam  and
      Weston, Jason  and
      Bordes, Antoine",
    booktitle = "ACL",
    year = "2017",
}
@inproceedings{miller2016kvmemnn,
    title = "Key-Value Memory Networks for Directly Reading Documents",
    author = "Miller, Alexander  and
      Fisch, Adam  and
      Dodge, Jesse  and
      Karimi, Amir-Hossein  and
      Bordes, Antoine  and
      Weston, Jason",
    booktitle = "EMNLP",
    year = "2016",
}
@inproceedings{sukhbaatar2015end,
  title={End-to-end memory networks},
  author={Sukhbaatar, Sainbayar and Szlam, Arthur and Weston, Jason and Fergus, Rob},
  booktitle={NIPS},
  pages={2440--2448},
  year={2015}
}
@inproceedings{
dinan2018wizard,
title={Wizard of Wikipedia: Knowledge-Powered Conversational Agents},
author={Emily Dinan and Stephen Roller and Kurt Shuster and Angela Fan and Michael Auli and Jason Weston},
booktitle={ICLR},
year={2019},
}
@inproceedings{xu2019enhancing,
  title={Enhancing Key-Value Memory Neural Networks for Knowledge Based Question Answering},
  author={Xu, Kun and Lai, Yuxuan and Feng, Yansong and Wang, Zhiguo},
  booktitle={ACL},
  pages={2937--2947},
  year={2019}
}
@article{weston2014memory,
  title={Memory networks},
  author={Weston, Jason and Chopra, Sumit and Bordes, Antoine},
  journal={ICLR},
  year={2015}
}
@inproceedings{logan2019kglm,
    title = "{B}arack{'}s Wife Hillary: Using Knowledge Graphs for Fact-Aware Language Modeling",
    author = "Logan, Robert  and
      Liu, Nelson F.  and
      Peters, Matthew E.  and
      Gardner, Matt  and
      Singh, Sameer",
    booktitle = "ACL",
    year = "2019",
}
@inproceedings{vaswani2017attention,
  title={Attention is all you need},
  author={Vaswani, Ashish and Shazeer, Noam and Parmar, Niki and Uszkoreit, Jakob and Jones, Llion and Gomez, Aidan N and Kaiser, {\L}ukasz and Polosukhin, Illia},
  booktitle={NIPS},
  pages={5998--6008},
  year={2017}
}
@inproceedings{chen2019gmailcompose,
author = {Chen, Mia Xu and Lee, Benjamin N. and Bansal, Gagan and Cao, Yuan and Zhang, Shuyuan and Lu, Justin and Tsay, Jackie and Wang, Yinan and Dai, Andrew M. and Chen, Zhifeng and et al.},
title = {Gmail Smart Compose: Real-Time Assisted Writing},
year = {2019},
booktitle = {KDD},
}
@inproceedings{kannan2016smart,
  title={Smart reply: Automated response suggestion for email},
  author={Kannan, Anjuli and Kurach, Karol and Ravi, Sujith and Kaufmann, Tobias and Tomkins, Andrew and Miklos, Balint and Corrado, Greg and Lukacs, Laszlo and Ganea, Marina and Young, Peter and others},
  booktitle={KDD},
  pages={955--964},
  year={2016}
}
@incollection{latar2015robot,
  title={The robot journalist in the age of social physics: The end of human journalism?},
  author={Latar, Noam Lemelshtrich},
  booktitle={The new world of transitioned media},
  pages={65--80},
  year={2015},
  publisher={Springer}
}
@article{graefe2016guide,
  title={Guide to automated journalism},
  author={Graefe, Andreas},
  year={2016}
}
@inproceedings{steinbiss1994improvements,
  title={Improvements in beam search},
  author={Steinbiss, Volker and Tran, Bach-Hiep and Ney, Hermann},
  booktitle={Third International Conference on Spoken Language Processing},
  year={1994}
}
@inproceedings{devlin2019bert,
    title = "{BERT}: Pre-training of Deep Bidirectional Transformers for Language Understanding",
    author = "Devlin, Jacob  and
      Chang, Ming-Wei  and
      Lee, Kenton  and
      Toutanova, Kristina",
    booktitle = "ACL",
    year = "2019",
}
@article{chen2019charge,
  title={Charge-Based Prison Term Prediction with Deep Gating Network},
  author={Chen, Huajie and Cai, Deng and Dai, Wei and Dai, Zehui and Ding, Yadong},
  journal={EMNLP},
  year={2019}
}
@article{mao2019improving,
  title={Improving neural story generation by targeted common sense grounding},
  author={Mao, Huanru Henry and Majumder, Bodhisattwa Prasad and McAuley, Julian and Cottrell, Garrison W},
  journal={EMNLP},
  year={2019}
}
@inproceedings{guan2020tacl_commensense,
  title={A Knowledge-Enhanced Pretraining Model for Commonsense Story Generation},
  author={Guan,Jian and Huang, Fei and Zhao, Zhihao and Zhu, Xiaoyan and Huang, Minglie},
  url = "https://arxiv.org/pdf/2001.05139.pdf",
  publisher={TACL},
  year={2020}
}
@inproceedings{Yao2020kg_bert,
  title="KG-BERT: BERT for Knowledge Graph Completion",
  author={Yao,Liang and Mao, Chengsheng and Luo, Yuan},
  url = "https://arxiv.org/pdf/1909.03193.pdf",
  publisher={AAAI},
  year={2020}
}
@article{bouraoui2020inducing,
  title={Inducing Relational Knowledge from BERT},
  author={Bouraoui, Zied and Camacho-Collados, Jose and Schockaert, Steven},
  journal={AAAI},
  year={2020}
}
@inproceedings{sydorova-etal-2019-interpretable,
    title = "Interpretable Question Answering on Knowledge Bases and Text",
    author = "Sydorova, Alona  and
      Poerner, Nina  and
      Roth, Benjamin",
    booktitle = "Proceedings of the 57th Annual Meeting of the Association for Computational Linguistics",
    month = jul,
    year = "2019",
    address = "Florence, Italy",
    publisher = "Association for Computational Linguistics",
    url = "https://www.aclweb.org/anthology/P19-1488",
    doi = "10.18653/v1/P19-1488",
    pages = "4943--4951",
}
@article{zhong2020jec,
  title={JEC-QA: A Legal-Domain Question Answering Dataset},
  author={Zhong, Haoxi and Xiao, Chaojun and Tu, Cunchao and Zhang, Tianyang and Liu, Zhiyuan and Sun, Maosong},
  journal={AAAI},
  year={2020}
}
@inproceedings{das-etal-2017-textkbqa,
    title = "Question Answering on Knowledge Bases and Text using Universal Schema and Memory Networks",
    author = "Das, Rajarshi  and
      Zaheer, Manzil  and
      Reddy, Siva  and
      McCallum, Andrew",
    booktitle = "ACL",
    year = "2017",
}
@inproceedings{alschner2017towardsLegalTextsRNN,
  title={Towards an automated production of legal texts using recurrent neural networks},
  author={Alschner, Wolfgang and Skougarevskiy, Dmitriy},
  booktitle={ICAIL},
  pages={229--232},
  year={2017},
  organization={ACM}
}
@inproceedings{gostojic2019legal,
  title={Legal Document Management: An Integrated Approach},
  author={Gostoji{\'c}, Stevan and Markovi{\'c}, Marko},
  booktitle={Sinteza 2019},
  pages={374--380},
  year={2019}
}
@article{bellegarda2004statistical,
  title={Statistical language model adaptation: review and perspectives},
  author={Bellegarda, Jerome R},
  journal={Speech communication},
  volume={42},
  number={1},
  pages={93--108},
  year={2004},
  publisher={Elsevier}
}
@inproceedings{mikolov2010recurrent,
  title={Recurrent neural network based language model},
  author={Mikolov, Tom{\'a}{\v{s}} and Karafi{\'a}t, Martin and Burget, Luk{\'a}{\v{s}} and {\v{C}}ernock{\`y}, Jan and Khudanpur, Sanjeev},
  booktitle={INTERSPEECH},
  year={2010}
}
@article{hochreiter1997lstm,
  title={Long short-term memory},
  author={Hochreiter, Sepp and Schmidhuber, J{\"u}rgen},
  journal={Neural computation},
  volume={9},
  number={8},
  pages={1735--1780},
  year={1997},
  publisher={MIT Press}
}
@article{petroni2019languageKB,
  title={Language Models as Knowledge Bases?},
  author={Petroni, Fabio and Rockt{\"a}schel, Tim and Lewis, Patrick and Bakhtin, Anton and Wu, Yuxiang and Miller, Alexander H and Riedel, Sebastian},
  journal={EMNLP},
  year={2019}
}
@article{keskar2019ctrl,
  title={Ctrl: A conditional transformer language model for controllable generation},
  author={Keskar, Nitish Shirish and McCann, Bryan and Varshney, Lav R and Xiong, Caiming and Socher, Richard},
  journal={arXiv preprint arXiv:1909.05858},
  year={2019}
}
@article{dathathri2019pplm,
  title={Plug and play language models: a simple approach to controlled text generation},
  author={Dathathri, Sumanth and Madotto, Andrea and Lan, Janice and Hung, Jane and Frank, Eric and Molino, Piero and Yosinski, Jason and Liu, Rosanne},
  journal={arXiv preprint arXiv:1912.02164},
  year={2019}
}
@article{welleck2020unlikelihood,
  title={Neural text generation with unlikelihood training},
  author={Welleck, Sean and Kulikov, Ilia and Roller, Stephen and Dinan, Emily and Cho, Kyunghyun and Weston, Jason},
  journal={ICLR},
  year={2020}
}
@article{liao2019gptpoem,
  title={GPT-based Generation for Classical Chinese Poetry},
  author={Liao, Yi and Wang, Yasheng and Liu, Qun and Jiang, Xin},
  journal={arXiv preprint arXiv:1907.00151},
  year={2019}
}
@article{budzianowski2019hellogpt,
  title={Hello, It's GPT-2--How Can I Help You? Towards the Use of Pretrained Language Models for Task-Oriented Dialogue Systems},
  author={Budzianowski, Pawe{\l} and Vuli{\'c}, Ivan},
  journal={arXiv preprint arXiv:1907.05774},
  year={2019}
}
@inproceedings{andor-etal-2019-bertcalculator,
    title = "Giving {BERT} a Calculator: Finding Operations and Arguments with Reading Comprehension",
    author = "Andor, Daniel  and
      He, Luheng  and
      Lee, Kenton  and
      Pitler, Emily",
    booktitle = "EMNLP",
    year = "2019",
}
@inproceedings{berant-etal-2013-qa-onfreebase,
    title = "Semantic Parsing on {F}reebase from Question-Answer Pairs",
    author = "Berant, Jonathan  and
      Chou, Andrew  and
      Frostig, Roy  and
      Liang, Percy",
    booktitle = "EMNLP",
    year = "2013",
}
@inproceedings{rajpurkar-etal-2016-squad,
    title = "{SQ}u{AD}: 100,000+ Questions for Machine Comprehension of Text",
    author = "Rajpurkar, Pranav  and
      Zhang, Jian  and
      Lopyrev, Konstantin  and
      Liang, Percy",
    booktitle = "EMNLP",
    year = "2016", 
}
@article{bordes2015largememqa,
  title={Large-scale simple question answering with memory networks},
  author={Bordes, Antoine and Usunier, Nicolas and Chopra, Sumit and Weston, Jason},
  journal={arXiv preprint arXiv:1506.02075},
  year={2015}
}
@inproceedings{hu2018few_charge,
  title={Few-shot charge prediction with discriminative legal attributes},
  author={Hu, Zikun and Li, Xiang and Tu, Cunchao and Liu, Zhiyuan and Sun, Maosong},
  booktitle={COLING},
  year={2018}
}
@article{luo2017learning_charge,
  title={Learning to predict charges for criminal cases with legal basis},
  author={Luo, Bingfeng and Feng, Yansong and Xu, Jianbo and Zhang, Xiang and Zhao, Dongyan},
  journal={arXiv preprint arXiv:1707.09168},
  year={2017}
}
@inproceedings{zhong2018judgement_prediction,
  title={Legal judgment prediction via topological learning},
  author={Zhong, Haoxi and Guo, Zhipeng and Tu, Cunchao and Xiao, Chaojun and Liu, Zhiyuan and Sun, Maosong},
  booktitle={EMNLP},
  pages={3540--3549},
  year={2018}
}
@inproceedings{ye-etal-2018-interpretable_courtviews,
    title = "Interpretable Charge Predictions for Criminal Cases: Learning to Generate Court Views from Fact Descriptions",
    author = "Ye, Hai  and
      Jiang, Xin  and
      Luo, Zhunchen  and
      Chao, Wenhan",
    booktitle = {NAACL},
    pages = {1854--1864},
    year = {2018}
}
@article{branting1998techniques,
  title={Techniques for automated drafting of judicial documents},
  author={Branting, L Karl},
  journal={IJLIT},
  volume={6},
  number={2},
  pages={214--229},
  year={1998},
  publisher={Oxford University Press}
}
@inproceedings{
ye2020variational,
title={Variational Template Machine for Data-to-Text Generation},
author={Rong Ye and Wenxian Shi and Hao Zhou and Lei Li},
booktitle={ICLR},
year={2020},
url={https://openreview.net/forum?id=HkejNgBtPB}
}
@inproceedings{miao2019kernelized,
  title={Kernelized Bayesian Softmax for Text Generation},
  author={Miao, Ning and Zhou, Hao and Zhao, Chengqi and Shi, Wenxian and Li, Lei},
  booktitle={Advances in Neural Information Processing Systems},
  pages={12487--12497},
  year={2019}
}